<?xml version="1.0" encoding="UTF-8"?>
<record xmlns="http://www.loc.gov/MARC21/slim" xmlns:zs="http://docs.oasis-open.org/ns/search-ws/sruResponse">
 <leader>
  04763cpcaa22006857a 4500
 </leader>
 <controlfield tag="001">
  17567453
 </controlfield>
 <controlfield tag="005">
  20170901171248.0
 </controlfield>
 <controlfield tag="007">
  st omn|m|||n|e
 </controlfield>
 <controlfield tag="008">
  121218i19611985nmu                 zun
 </controlfield>
 <datafield ind1=" " ind2=" " tag="906">
  <subfield code="a">
   7
  </subfield>
  <subfield code="b">
   cbc
  </subfield>
  <subfield code="c">
   orignew
  </subfield>
  <subfield code="d">
   u
  </subfield>
  <subfield code="e">
   ncip
  </subfield>
  <subfield code="f">
   20
  </subfield>
  <subfield code="g">
   y-folklife
  </subfield>
 </datafield>
 <datafield ind1=" " ind2=" " tag="955">
  <subfield code="a">
   mkru 2012-12-18
  </subfield>
  <subfield code="a">
   mkru 2013-10-23
  </subfield>
  <subfield code="a">
   mkru 2017-02-27
  </subfield>
  <subfield code="a">
   mkru 2017-08-24
  </subfield>
 </datafield>
 <datafield ind1="2" ind2="0" tag="033">
  <subfield code="a">
   1964----
  </subfield>
  <subfield code="a">
   1967----
  </subfield>
 </datafield>
 <datafield ind1=" " ind2=" " tag="010">
  <subfield code="a">
   2012655532
  </subfield>
 </datafield>
 <datafield ind1=" " ind2=" " tag="040">
  <subfield code="a">
   DLC
  </subfield>
  <subfield code="c">
   DLC
  </subfield>
  <subfield code="e">
   dacs
  </subfield>
  <subfield code="d">
   DLC
  </subfield>
 </datafield>
 <datafield ind1="1" ind2=" " tag="041">
  <subfield code="d">
   zun
  </subfield>
  <subfield code="d">
   eng
  </subfield>
  <subfield code="h">
   zun
  </subfield>
  <subfield code="a">
   eng
  </subfield>
  <subfield code="a">
   zun
  </subfield>
 </datafield>
 <datafield ind1=" " ind2=" " tag="043">
  <subfield code="a">
   n-us-nm
  </subfield>
 </datafield>
 <datafield ind1=" " ind2=" " tag="090">
  <subfield code="a">
   RAA 46824-46828
  </subfield>
 </datafield>
 <datafield ind1=" " ind2=" " tag="090">
  <subfield code="a">
   AFC 2004/010
  </subfield>
 </datafield>
 <datafield ind1="0" ind2="0" tag="245">
  <subfield code="a">
   Curtis Cook Zuni Pueblo storytelling collection.
  </subfield>
 </datafield>
 <datafield ind1=" " ind2=" " tag="260">
  <subfield code="c">
   1961-1985, 2005.
  </subfield>
 </datafield>
 <datafield ind1=" " ind2=" " tag="300">
  <subfield code="a">
   1,272
  </subfield>
  <subfield code="f">
   items, (
  </subfield>
  <subfield code="a">
   4
  </subfield>
  <subfield code="f">
   containers)
  </subfield>
 </datafield>
 <datafield ind1=" " ind2=" " tag="300">
  <subfield code="a">
   5 sound tape reels :
  </subfield>
  <subfield code="b">
   analog ;
  </subfield>
  <subfield code="c">
   7 in.
  </subfield>
 </datafield>
 <datafield ind1=" " ind2=" " tag="300">
  <subfield code="a">
   1 sound cassette :
  </subfield>
  <subfield code="b">
   analog.
  </subfield>
 </datafield>
 <datafield ind1=" " ind2=" " tag="300">
  <subfield code="a">
   196 slides :
  </subfield>
  <subfield code="b">
   color ;
  </subfield>
  <subfield code="c">
   35 mm
  </subfield>
 </datafield>
 <datafield ind1=" " ind2=" " tag="300">
  <subfield code="a">
   2 photographic prints :
  </subfield>
  <subfield code="b">
   black and white ;
  </subfield>
  <subfield code="c">
   various sizes.
  </subfield>
 </datafield>
 <datafield ind1=" " ind2=" " tag="300">
  <subfield code="a">
   18 photographic prints :
  </subfield>
  <subfield code="b">
   color.
  </subfield>
 </datafield>
 <datafield ind1=" " ind2=" " tag="300">
  <subfield code="3">
   manuscripts
  </subfield>
  <subfield code="a">
   53
  </subfield>
  <subfield code="f">
   folders.
  </subfield>
 </datafield>
 <datafield ind1=" " ind2=" " tag="518">
  <subfield code="a">
   Audio recorded at Zuni and Blackrock and other locations on the Zuni reservation in New Mexico by Curtis D. Cook, 1964-1967.
  </subfield>
 </datafield>
 <datafield ind1=" " ind2=" " tag="520">
  <subfield code="a">
   Collection of field recordings, photographs, and notes by linguist Curtis Cook, who learned the Zuni language and documented the stories of elderly Zuni speakers while undertaking a translation of the Bible into the Zuni language during the 1960s and 1970s.  Sound recordings (1964-1967) include narratives told by Zuni storytellers Longkeena Nash and Tom Ideque and others; recordings of children reading high school reports in English; and Curtis Cook reciting the gospel acccording to St. Mark, and other recordings. Photographs (1964-1972) include pictures of some of the Zuni speakers and storytellers who aided Cook in learning the Zuni language; landscapes at and near Zuni; adobe brick making and daily occupations at Zuni; photographs documenting the Zuni entry of dancers and musicians at the Gallup Intertribal Ceremonial in 1965; Zuni children; Zuni artwork, including jewelry and pottery. Manuscripts include Zuni stories and translation exercises in Zuni, and some interlineal translations in English of Zuni recordings from the Doris Duke collection. Cook submitted notes describing his photographs and his work at Zuni in 2004. On February 14, 2005, Curtis Cook met with staff of the American Folklife Center to discuss this collection and his work in Zuni, an audio recording of this meeting is included in the collection.
  </subfield>
 </datafield>
 <datafield ind1="8" ind2=" " tag="524">
  <subfield code="a">
   Curtis Cook Zuni Pueblo storytelling collection (AFC 2004/010), Archive of Folk Culture, American Folklife Center, Library of Congress, Washington, D.C.
  </subfield>
 </datafield>
 <datafield ind1="1" ind2=" " tag="506">
  <subfield code="a">
   Collection is open for research. Access to recordings may be restricted. To request materials, please contact the Folklife Reading Room at
  </subfield>
  <subfield code="u">
   http://hdl.loc.gov/loc.afc/folklife.contact
  </subfield>
 </datafield>
 <datafield ind1=" " ind2=" " tag="540">
  <subfield code="a">
   Duplication of sound recordings may be governed by copyright and other restrictions.
  </subfield>
 </datafield>
 <datafield ind1=" " ind2=" " tag="541">
  <subfield code="a">
   Curtis D. Cook;
  </subfield>
  <subfield code="c">
   Donation ;
  </subfield>
  <subfield code="d">
   2004.
  </subfield>
 </datafield>
 <datafield ind1=" " ind2=" " tag="545">
  <subfield code="a">
   Linguist Curtis Cook developed an orthography for the Zuni language and recorded stories of elderly Zuni speakers from 1964-1967. He and his family moved to Zuni, New Mexico, January 1, 1964. In 1972 he and his family moved to Blackrock, New Mexico, where they lived until 1977, while Cook completed his translation of the Bible into Zuni.
  </subfield>
 </datafield>
 <datafield ind1=" " ind2=" " tag="546">
  <subfield code="a">
   Sound recordings in Zuni and in English.
  </subfield>
 </datafield>
 <datafield ind1=" " ind2=" " tag="555">
  <subfield code="a">
   Finding aid is available online
  </subfield>
  <subfield code="u">
   http://hdl.loc.gov/loc.afc/eadafc.af017002
  </subfield>
 </datafield>
 <datafield ind1="0" ind2="0" tag="630">
  <subfield code="a">
   Bible.
  </subfield>
  <subfield code="p">
   Mark.
  </subfield>
  <subfield code="l">
   Zuni
  </subfield>
 </datafield>
 <datafield ind1=" " ind2="0" tag="650">
  <subfield code="a">
   Zuni literature
  </subfield>
  <subfield code="z">
   New Mexico
  </subfield>
  <subfield code="z">
   Zuni.
  </subfield>
 </datafield>
 <datafield ind1=" " ind2="0" tag="650">
  <subfield code="a">
   Storytelling
  </subfield>
  <subfield code="z">
   New Mexico
  </subfield>
  <subfield code="z">
   Zuni.
  </subfield>
 </datafield>
 <datafield ind1=" " ind2="0" tag="650">
  <subfield code="a">
   Zuni language
  </subfield>
  <subfield code="x">
   Glossaries, vocabularies, etc.
  </subfield>
 </datafield>
 <datafield ind1=" " ind2="0" tag="650">
  <subfield code="a">
   Zuni language
  </subfield>
  <subfield code="x">
   Orthography and spelling.
  </subfield>
 </datafield>
 <datafield ind1=" " ind2="0" tag="650">
  <subfield code="a">
   Zuni language
  </subfield>
  <subfield code="x">
   Study and teaching.
  </subfield>
 </datafield>
 <datafield ind1=" " ind2="0" tag="650">
  <subfield code="a">
   Zuni Indians
  </subfield>
  <subfield code="z">
   New Mexico
  </subfield>
  <subfield code="z">
   Zuni
  </subfield>
  <subfield code="x">
   Social life and customs.
  </subfield>
 </datafield>
 <datafield ind1=" " ind2="0" tag="650">
  <subfield code="a">
   Zuni Indians
  </subfield>
  <subfield code="x">
   Missions.
  </subfield>
 </datafield>
 <datafield ind1=" " ind2="0" tag="650">
  <subfield code="a">
   Zuni Indians
  </subfield>
  <subfield code="x">
   Folklore.
  </subfield>
 </datafield>
 <datafield ind1=" " ind2="0" tag="650">
  <subfield code="a">
   Zuni Indians
  </subfield>
  <subfield code="z">
   New Mexico
  </subfield>
  <subfield code="z">
   Zuni
  </subfield>
  <subfield code="v">
   Photographs.
  </subfield>
 </datafield>
 <datafield ind1=" " ind2="0" tag="650">
  <subfield code="a">
   Songs, Zuni.
  </subfield>
 </datafield>
 <datafield ind1=" " ind2="0" tag="650">
  <subfield code="a">
   Tales
  </subfield>
  <subfield code="z">
   New Mexico
  </subfield>
  <subfield code="z">
   Zuni.
  </subfield>
 </datafield>
 <datafield ind1=" " ind2="0" tag="651">
  <subfield code="a">
   Zuni (N.M.)
  </subfield>
  <subfield code="x">
   Social life and customs.
  </subfield>
 </datafield>
 <datafield ind1=" " ind2="0" tag="651">
  <subfield code="a">
   Black Rock (N.M.)
  </subfield>
  <subfield code="x">
   Social life and customs.
  </subfield>
 </datafield>
 <datafield ind1=" " ind2="7" tag="655">
  <subfield code="a">
   Field recordings.
  </subfield>
  <subfield code="2">
   lcgft
  </subfield>
 </datafield>
 <datafield ind1=" " ind2="7" tag="655">
  <subfield code="a">
   Personal narratives.
  </subfield>
  <subfield code="2">
   lcgft
  </subfield>
 </datafield>
 <datafield ind1=" " ind2="7" tag="655">
  <subfield code="a">
   Folk tales.
  </subfield>
  <subfield code="2">
   lcgft
  </subfield>
 </datafield>
 <datafield ind1=" " ind2="7" tag="655">
  <subfield code="a">
   Photographs.
  </subfield>
  <subfield code="2">
   aat
  </subfield>
 </datafield>
 <datafield ind1="1" ind2=" " tag="700">
  <subfield code="a">
   Cook, Curtis D.,
  </subfield>
  <subfield code="e">
   collector,
  </subfield>
  <subfield code="e">
   speaker.
  </subfield>
 </datafield>
 <datafield ind1="2" ind2=" " tag="710">
  <subfield code="a">
   American Folklife Center.
  </subfield>
 </datafield>
 <datafield ind1=" " ind2=" " tag="852">
  <subfield code="a">
   Library of Congress
  </subfield>
  <subfield code="b">
   Archive of Folk Culture, American Folklife Center,
  </subfield>
  <subfield code="e">
   101 Independence Ave. S.E., Washington, DC USA 20540-4610
  </subfield>
  <subfield code="u">
   http://hdl.loc.gov/loc.afc/folklife.home
  </subfield>
 </datafield>
 <datafield ind1="4" ind2="2" tag="856">
  <subfield code="3">
   Finding aid
  </subfield>
  <subfield code="u">
   http://hdl.loc.gov/loc.afc/eadafc.af017002
  </subfield>
 </datafield>
 <datafield ind1=" " ind2=" " tag="985">
  <subfield code="a">
   afc/coll
  </subfield>
 </datafield>
 <datafield ind1=" " ind2=" " tag="985">
  <subfield code="a">
   afc/ead
  </subfield>
 </datafield>
</record>
